2152 3840
303 150 813 239 PRAEFATIO:

108 326 321 440 humente,
344 364 437 452 quae
456 332 507 419 ad
531 360 609 422 nos
625 356 920 450 pervenerunt,
936 324 1007 421 re·-

108 448 243 555 censet
270 471 397 563 atque
422 447 589 559 judicat.
676 448 921 536 Praeclarum
939 456 1001 534 in-

107 566 317 667 stitutum,
371 585 571 678 tantoque
600 569 739 677 magis·
768 568 999 650 continuari

108 670 301 792 dignuin,
319 682 643 792 {quanto-rarius
668 680 862 791 Franeiea
883 685 998 764 natio

63 792 66 799 ’
107 791 185 895 hae
214 786 335 875 ae'tate
360 790 496 875 nostra
519 791 673 877 adhoc
697 794 906 883 literarum
927 821 1001 908 ge-

107 926 185 995 nus
206 904 404 991 defertur.
459 903 601 993 Trivit
625 905 713 993 sane
733 904 915 991 Dionem
937 912 1000 991 vir

104 1021 175 1109 ille
194 1014 353 1121 dostun
373 1017 552 1133 quisquis
569 1020 703 1106 fuerin
738 1046 829 1136 quae
846 1019 897 1105 de
914 1026 997 1105 vita

108 1132 153 1218 8(
172 1137 329 1247 scriptis
350 1134 496 1217 Nostri
523 1133 709 1235 tradidit,
748 1133 877 1221 valde·
892 1133 997 1218 mihi

110 1249 367 1365 placuerunt.
425 1245 525 1357 Ejus
536 1272 677 1333 autem
692 1250 998 1362 interpretatio-

19 1456 22 1461 ,
105 1390 203 1452 neni
223 1358 672 1469 Francicanrrirationis
686 1368 842 1475 primae,
877 1361 998 1476 septi-

106 1506 184 1565 ιη’(
204 1469 246 1589 8(
267 1472 493 1579 undecima:¹
524 1472 611 1583 (hae
629 1482 737 1561 eninr
759 1477 863 1574 sunt,
894 1505 995 1591 quas

106 1590 165 1693 illi
205 1594 340 1707 patrio
381 1580 568 1674 sermone
602 1588 995 1705 reddereplacuit)

26 1746 28 1751 ·
106 1733 203 1791 eum
222 1704 376 1789 Graecis
403 1729 643 1819 comparare
664 1732 747 1813 non
773 1704 904 1806 libuit,
936 1709 996 1789 in-

107 1815 295 1915 terreno,
324 1845 392 1903 me
404 1834 522 1903 ex'ea
541 1841 674 1927 reaut
688 1820 847 1905 nullum
866 1818 992 1920 usum,

36 2006 39 2013 .
105 1954 178 2019 aut
213 1937 410 2042 exiguum
440 1930 517 2016 eise
548 1931 742 2017 laturum.
830 1931 992 2019 Nu-Hibi

33 2146 36 2151 Ι
106 2043 519 2161 eumValefianarum
534 2044 865 2131 emendationum
880 2075 994 2131 rnen·-

105 2164 265 2269 ¹tionem
290 2156 436 2263 iecisse,
453 2159 622 2244 miratus
642 2158 740 2245 sum.
812 2159 993 2246 Francus

59 2374 61 2381 ,
104 2274 235 2363 honio
260 2272 419 2383 Franco
436 2295 559 2359 notus
580 2275 655 2358 effe
674 2296 839 2390 poterat
863 2269 907 2357 &
923 2274 994 2359 de·

104 2387 243 2475 bebat.
286 2428 291 2435 -
325 2386 464 2473 Miror
491 2414 661 2504 quoque
681 2393 757 2473 viri
781 2385 992 2497 judicium,

105 2509 171 2589 cui
186 2500 381 2617 putidum
402 2505 572 2617 nugacis
599 2492 787 2588 monachi
810 2498 993 2589 &omnis

103 2614 280 2707 historlae
299 2612 413 2700 rudis
432 2638 717 2701 commentum
733 2614 784 2700 de
801 2616 994 2703 vitaDio-

103 2736 166 2819 nis
195 2733 250 2813 ita
281 2726 460 2814 arridere
475 2735 626 2842 potuit,
655 2753 809 2815 utnon
832 2748 992 2819 tantum

105 2847 221 2959 typis
251 2836 294 2921 8(
319 2842 410 2927 luce
446 2841 610 2957 publica
631 2842 803 2956 dignum
823 2845 865 2930 id
877 2870 994 2961 puta-

93 2980 189 3062 iret,
209 2954 417 3042 sedetiam
435 2985 513 3070 pro
533 2961 709 3071 pretioso
732 2958 773 3042 8(
787 2956 995 3076 incompa-

95 3071 222 3175 rabili
241 3070 353 3185 prisci
377 3075 452 3159 aevi
470 3098 755 3171 monumentO,
784 3071 990 3160 omnibus·

58 3278 65 3285 ,
102 3198 186 3303 q'ue
200 3182 420 3271 veneribus
438 3208 652 3286 exornato,
680 3184 902 3273 steresibus
918 3186 993 3274 ob·

101 3296 311 3404 truderet,
346 3316 475 3416 ntq'ue
493 3298 713 3412 diligenter
734 3301 776 3385 8(
798 3323 990 3387 accurate

12 3416 27 3547 μ’
49 3488 64 3511 ,.
93 3406 423 3543 ¹e'oinnrenderet.
480 3412 655 3500 Nubern
669 3444 747 3531 pro
765 3417 932 3504 Iunone.

921 3527 992 3622 Ad

14 3574 138 3649 ij·

12 3652 91 3804 ἴ,
