2152 3840
130 154 265 247 stimo.
309 150 513 271 Denique
540 153 693 253 stantes
723 161 765 247 in
784 159 909 246 litore
930 150 1024 246 vela

103 268 112 280 “
132 260 400 387 daturum&
416 272 574 360 vastum
584 273 667 363 hoc
684 275 856 389 pelagus
872 273 1026 389 ingrcs7

51 446 56 455 ·
133 386 277 475 surum
294 380 416 469 bonis
439 385 596 493 verbis,
627 408 825 500 tanquam
840 387 1024 475 secundis

137 504 258 591 auris,
275 498 482 615 prosequi,
503 527 672 617 acquum
686 505 759 597 ost,
969 522 977 533 ·

192 727 240 812 ln
269 722 430 847 edendo
449 722 584 839 Dione
608 726 817 841 suscipies,
854 725 1027 835 obone,

60 918 66 928 .
168 844 393 928 rovinciam
422 840 698 949 necellariam,
747 840 813 927 sed
844 840 1025 928 arduam.

136 869 378 1068 lliligenter
390 959 529 1068 itaque
549 968 705 1060 tecum,
722 983 902 1068 quorum
913 962 950 1041 in
959 957 1025 1039 lo-

19 1090 22 1096 '
126 1088 235 1158 'cum
263 1064 464 1171 succedas,
488 1090 648 1182 reputa.
689 1068 798 1164 ,Post
823 1067 1024 1156 Casaubo-

137 1181 322 1293 num&
357 1179 847 1291 Valesrumssvelstertias⁴
884 1206 1024 1298 partes

36 1346 40 1355 ·
136 1324 288 1413 aere,
328 1293 626 1400 honorificum,
672 1291 888 1412 sedneque
909 1297 1027 1383 facile

136 1326 211 1522 ed,
235 1402 279 1490 81
295 1406 347 1495 ad
365 1411 514 1526 l'amam
535 1410 820 1525 periculosum.
867 1410 1028 1495 Motel-

135 1518 229 1641 lum
250 1523 345 1641 post
368 1546 504 1609 tantos
523 1524 671 1610 heroas
689 1524 892 1626 reddere,
942 1552 1029 1610 me·

137 1658 283 1739 mento
300 1637 410 1724 idem
430 1639 516 1743 effe,
536 1663 661 1752 atque
677 1639 915 1725 Therlitam
935 1640 1025 1749 poll

23 1752 32 1759 ’
140 1752 367 1841 Nestorem
401 1751 444 1851 u
477 1752 665 1870 Vlyll'em
696 1782 830 1870 agere.
904 1754 1026 1839 Vires

65 1864 70 1874 ’
134 1873 280 1982 ‚itaque
295 1858 414 1951 Tuas
436 1862 478 1946 dc
494 1863 691 1952 humeros
711 1892 806 1954 ante
831 1895 934 1953 onus
959 1895 1028 1952 ex·

170 1982 272 2082 lora,
298 2007 349 2065 ne
370 2008 447 2093 pro
468 1979 589 2064 laude
605 1977 741 2066 sibilos
761 1984 878 2072 feras.
915 1981 1026 2067 Vide

33 2104 61 2177 .'
135 2010 237 2185 latin
260 2093 405 2180 Graece
434 2093 592 2196 calleas,
622 2095 718 2179 satin
748 2124 843 2184 cum
870 2096 1025 2181 Graecis

138 2204 375 2296 austoribus
405 2204 680 2309 consueveris,
721 2211 815 2295 satin
841 2217 1029 2298 acumine

75 2421 81 2428 ,
140 2327 289 2412 critico
304 2322 451 2430 valeas,
468 2382 471 2399 2
486 2315 528 2402 dc
552 2319 762 2409 codicibus
780 2323 922 2411 Dionis
944 2353 1029 2411 ma·

141 2467 201 2527 nu
241 2441 415 2524 exaratis
448 2434 668 2547 instrullus
700 2437 761 2532 fis.
844 2437 1029 2525 Subsidia
1069 2488 1072 2494 -

141 2550 232 2647 haec
250 2550 339 2638 sunt
359 2554 419 2636 rei
440 2547 548 2635 bene
568 2552 772 2667 gerendae,
790 2551 939 2667 quibus
960 2553 1029 2667 qui

142 2686 278 2771 caret,
303 2663 370 2750 ille
385 2663 490 2749 male
508 2693 598 2750 rem
619 2670 741 2781 gerit.
814 2667 1028 2801 Qantum

141 2778 268 2868 absim
285 2805 308 2862 a
324 2776 496 2863 laudatis
513 2777 641 2864 modo
659 2776 900 2885 duumvirrS,
927 2779 1027 2866 mihi

37 2957 41 2962 -
142 2917 229 2983 non
243 2894 353 2978 latet.
376 2887 516 2979 absum
533 2917 670 2979 autem
687 2894 903 2981 intervallo
917 2889 1028 2981 ha'ud

142 3007 346 3105 modicoa⁴
377 3005 645 3096 vehementer
678 3029 816 3093 tamen
849 3015 928 3095 mei
963 3033 1030 3093 me
1069 3010 1071 3015 ‘

72 3126 96 3173 ’·
135 3126 389 3238 poenitere-t,
410 3116 441 3202 fi·
459 3121 586 3221 nihilo
605 3121 820 3207 meliorem
839 3127 1032 3209 inemen-

20 3296 23 3301 -
143 3234 338 3323 dando&
356 3232 619 3348 explanando
629 3235 765 3347 Dione
780 3263 950 3352 operam
964 3234 1028 3347 ju·

75 3420 80 3427 -
135 3346 302 3443 ¹dicerer
321 3340 496 3465 navarie,
541 3377 665 3468 quam
691 3356 884 3470 egregius
908 3350 1031 3482 Liba:

977 3491 1031 3552 nn
