2152 3840
175 102 181 108 ’
313 136 816 219 Pnnnrarrn

68 406 71 411 ,
126 316 294 429 optimae
319 336 431 400 notae
452 313 869 411 animadversionibus
890 318 1019 413 reser-

97 470 101 477 ·
122 449 223 529 tam,
245 452 294 513 ut
312 428 403 515 sunt
418 428 542 515 divini
559 430 736 515 hominis
753 432 900 525 omnin.
930 433 1015 548 Qui

122 539 358 628 erionem
390 541 600 629 edendum
628 535 672 623 &
708 543 1012 632 emendandum

120 653 346 769 suscepisset
374 653 418 738 &
435 657 570 742 suisset
596 655 823 771 professus,
868 660 938 743 vix
955 654 1022 744 vi-'

121 766 247 857 detur
261 771 395 875 nobit,
416 771 532 887 quod
549 794 781 886 ageremus,
802 770 1013 890 reliquum

76 946 80 951 -
117 878 303 970 subtutus
328 882 456 971 i'uisie.

175 1110 347 1199 Parisrna
370 1110 459 1197 haec
486 1110 611 1231 editio
635 1112 779 1200 Dionis
818 1111 869 1199 ad
896 1111 1011 1225 hunc

119 1224 229 1312 diem
245 1228 302 1312 est
320 1224 545 1311 norissima.
601 1226 709 1317 Sunt
732 1227 902 1343 quidem
922 1228 1008 1340 ejus

117 1341 367 1452 exemplaria
381 1340 589 1447 nonnulla,
615 1368 797 1459 quorum
817 1342 924 1427 tituli
939 1373 1008 1430 an-

10 1488 13 1497 ’
114 1480 216 1559 num
230 1455 346 1568 1623.
358 1456 594 1568 praeserunt.
653 1457 1004 1544 Verumeafrans

111 1568 192 1653 fuit
214 1565 366 1657 librarii
386 1567 593 1685 cujusdam
617 1573 821 1671 institoris,
850 1575 933 1688 qui,
953 1594 1003 1657 ut

115 1688 301 1770 mercem
328 1682 552 1794 frigentem
573 1692 779 1798 promtius
802 1685 1003 1771 extunde-

110 1819 203 1900 ret„
226 1819 346 1883 vetus
370 1798 556 1915 elogium
580 1826 715 1898 novo,
752 1819 1001 1888 caeterorum

108 1908 221 2015 nihil,
239 1906 430 2006 mutavit,

32 2158 62 2218 ·,
123 2190 130 2215 2
163 2132 353 2225 Fuerunt
385 2142 649 2251 interea-viri
680 2136 836 2254 aliquot
871 2139 999 2252 dosii,

110 2251 377 2370 quinionem
396 2256 552 2370 scriptis
571 2253 852 2343 illustrandum
871 2255 998 2353 suscess

27 2384 30 2389 '
103 2396 218 2483 pere.
263 2368 436 2454 fuerunt
461 2396 653 2488 quoque,
698 2371 768 2482 qui
798 2384 935 2456 e'uma
958 2376 996 2458 se

102 2483 243 2568 rursus
261 2482 466 2569 edendum
484 2491 792 2596 promitterent,
822 2480 890 2569 sed
906 2483 993 2571 abs-

101 2622 187 2713 que
211 2591 370 2680 effestu.
421 2595 516 2680 Post
533 2596 818 2684 Casaubonum
840 2603 993 2685 nemini

99 2712 209 2826 plus·
225 2707 352 2794 debet
378 2706 481 2813 Dio,
528 2741 653 2827 quam
677 2716 825 2794 Hernico
844 2722 935 2800 Vale
948 2749 993 2813 ω,

32 2820 36 2827 ’
100 2830 197 2911 niro
223 2821 391 2910 sumno.
447 2824 546 2909 Hoc
578 2828 636 2911 est
661 2820 763 2908 iilud
783 2854 859 2942 par
878 2833 991 2915 viro-

99 2956 218 3039 rum,
260 2963 388 3050 aquo
409 2958 572 3024 tantum
596 2946 637 3024 in
655 2938 783 3024 literis
803 2969 873 3028 me
888 2970 989 3059 pro·
1011 3032 1015 3040 ,

98 3054 247 3158 iecisse,
313 3070 491 3136 uantum·
509 3050 560 3138 ab
584 3054 663 3139 aiio
681 3057 856 3159 nemine,
887 3082 988 3171 pro-

18 3165 33 3265 '.¹
97 3162 234 3253 fiteor.
281 3080 477 3251 ‘itatenus
493 3168 633 3278 igitur,
650 3161 985 3259 &aiibi'suorum

53 3310 57 3327 ¹
96 3280 561 3401 ¹operum,·,1,1te.c.nd
585 3279 847 3374 Ammianum
870 3286 989 3486 Mari-

113 3428 136 3453 ·.
184 3407 215 3453 ³:
905 3426 985 3487 ce.
